<?xml version="1.0" encoding="UTF-8"?><collection xmlns="http://www.loc.gov/MARC21/slim"><record><leader>00542nam--2200193-u-4500</leader><controlfield tag="001">000056471</controlfield><controlfield tag="002">20161230</controlfield><controlfield tag="005">20161230201052</controlfield><controlfield tag="008">151026s1000------------r-----000-0-eng-d</controlfield><datafield ind1=" " ind2=" " tag="040"><subfield code="a">IFIN-HH</subfield></datafield><datafield ind1=" " ind2=" " tag="080"><subfield code="a">53</subfield></datafield><datafield ind1="1" ind2=" " tag="100"><subfield code="a">Zeleny, Anthony</subfield></datafield><datafield ind1="1" ind2="0" tag="245"><subfield code="a">A manual of physical measurements</subfield><subfield code="c">Antony zeleny, henry a. erikson</subfield></datafield><datafield ind1=" " ind2=" " tag="250"><subfield code="a">Sixth Edition, Third Impression</subfield></datafield><datafield ind1=" " ind2=" " tag="260"><subfield code="a">New York</subfield><subfield code="b">Mcgraw-hill Book Company, Inc</subfield><subfield code="c">1937</subfield></datafield><datafield ind1=" " ind2=" " tag="300"><subfield code="a">XXIII+273P</subfield></datafield><datafield ind1="1" ind2=" " tag="700"><subfield code="a">Erikson, Henry A</subfield></datafield><datafield ind1=" " ind2=" " tag="852"><subfield code="a">795</subfield><subfield code="c">53.08</subfield></datafield><datafield ind1=" " ind2=" " tag="CAT"><subfield code="a">Sys</subfield><subfield code="c">20151026</subfield><subfield code="h">100346</subfield></datafield></record></collection>